<record><leader>00000cas a22000007a 4500</leader><controlfield tag="001">13908851</controlfield><controlfield tag="008">860721d18551856iauwr ne      0    0eng d</controlfield><datafield ind1=" " ind2=" " tag="010"><subfield code="a">sn 86061052 </subfield></datafield><datafield ind1=" " ind2=" " tag="040"><subfield code="a">INP</subfield><subfield code="b">eng</subfield><subfield code="c">INP</subfield><subfield code="d">OCLCQ</subfield></datafield><datafield ind1=" " ind2=" " tag="042"><subfield code="a">msc</subfield></datafield><datafield ind1="0" ind2=" " tag="130"><subfield code="a">True flag (Bloomfield, Iowa)</subfield></datafield><datafield ind1="1" ind2="0" tag="245"><subfield code="a">True flag.</subfield></datafield><datafield ind1=" " ind2=" " tag="260"><subfield code="a">Bloomfield, Iowa :</subfield><subfield code="b">Chamb. P. Ober,</subfield><subfield code="c">1855-1856.</subfield></datafield><datafield ind1=" " ind2=" " tag="300"><subfield code="a">1 v. :</subfield><subfield code="b">ill.</subfield></datafield><datafield ind1=" " ind2=" " tag="310"><subfield code="a">Weekly</subfield></datafield><datafield ind1="0" ind2=" " tag="362"><subfield code="a">Vol. 2, no. 13 (Nov. 17, 1855)-v. 2, no. 28 (Apr. 5, 1856).</subfield></datafield><datafield ind1=" " ind2=" " tag="752"><subfield code="a">United States</subfield><subfield code="b">Iowa</subfield><subfield code="c">Davis</subfield><subfield code="d">Bloomfield.</subfield></datafield><datafield ind1="0" ind2="0" tag="780"><subfield code="t">Western radiator</subfield><subfield code="w">(DLC)sn 86081996</subfield></datafield><datafield ind1="0" ind2="0" tag="785"><subfield code="t">Ober's true flag</subfield><subfield code="w">(DLC)sn 86061053</subfield></datafield></record>